@article{artinwhaples,
author = "Artin, Emil and Whaples, George",
fjournal = "Bulletin of the American Mathematical Society",
journal = "Bull. Amer. Math. Soc.",
month = "07",
number = "7",
pages = "469--492",
publisher = "American Mathematical Society",
title = "Axiomatic characterization of fields by the product formula for valuations",
url = "http://projecteuclid.org/euclid.bams/1183507128",
volume = "51",
year = "1945"
},

@online{201565,
    title = {``Place'' vs. ``Prime'' in a number field.},
    author = {Hurkyl (http://math.stackexchange.com/users/14972/hurkyl)},
    howpublished = {Mathematics Stack Exchange},
    url = "http://math.stackexchange.com/q/201565"
}
